<record><leader>00000cas a22000007a 4500</leader><controlfield tag="001">26991653</controlfield><controlfield tag="008">921118d18931923ctucr ne      0    0eng d</controlfield><datafield ind1=" " ind2=" " tag="010"><subfield code="a">sn 92051535 </subfield></datafield><datafield ind1=" " ind2=" " tag="040"><subfield code="a">CNW</subfield><subfield code="b">eng</subfield><subfield code="c">CNW</subfield><subfield code="d">OCLCQ</subfield></datafield><datafield ind1=" " ind2=" " tag="042"><subfield code="a">msc</subfield></datafield><datafield ind1="0" ind2="0" tag="245"><subfield code="a">South Manchester news.</subfield></datafield><datafield ind1=" " ind2=" " tag="260"><subfield code="a">South Manchester [Manchester], Conn. :</subfield><subfield code="b">South Manchester Pub. Co.</subfield></datafield><datafield ind1=" " ind2=" " tag="300"><subfield code="a">v.</subfield></datafield><datafield ind1=" " ind2=" " tag="310"><subfield code="a">Semiweekly,</subfield><subfield code="b">Apr. 1922-1923</subfield></datafield><datafield ind1=" " ind2=" " tag="321"><subfield code="a">Weekly,</subfield><subfield code="b">1893-Mar. 1922</subfield></datafield><datafield ind1="0" ind2=" " tag="362"><subfield code="a">Vol. 1, no. 1 (Mar. 10, 1893)-v. 31, no. 19 (May 18, 1923).</subfield></datafield><datafield ind1=" " ind2="4" tag="651"><subfield code="a">Manchester (Conn.)</subfield><subfield code="v">Newspapers.</subfield></datafield><datafield ind1=" " ind2=" " tag="752"><subfield code="a">United States</subfield><subfield code="b">Connecticut</subfield><subfield code="c">Hartford</subfield><subfield code="d">Manchester.</subfield></datafield><datafield ind1="0" ind2="0" tag="785"><subfield code="t">Manchester daily news</subfield><subfield code="w">(DLC)sn 92051536</subfield></datafield><datafield ind1="1" ind2=" " tag="029"><subfield code="a">AU@</subfield><subfield code="b">000020741806</subfield></datafield></record>